@misc{FoodStandardsAustraliaNewZealand,
  title        = {{Download Excel files (Australian Food Composition Database - Release 2)}},
  author       = {{Food Standards Australia New Zealand}},
  howpublished = {\url{https://www.foodstandards.gov.au/science/monitoringnutrients/afcd/Pages/downloadableexcelfiles.aspx}},
  month        = {January},
  year         = {2022},
  note         = {Accessed: 2023-04-27}
}